<?xml version="1.0" encoding="UTF-8"?><collection xmlns="http://www.loc.gov/MARC21/slim"><record><leader>00377nam--2200133-i-4500</leader><controlfield tag="001">000020845</controlfield><controlfield tag="002">20161230</controlfield><controlfield tag="005">20161230201033</controlfield><controlfield tag="008">060222s1000------------r-----000-0-eng-d</controlfield><datafield ind1=" " ind2=" " tag="100"><subfield code="a">Fessenden, Joan S</subfield></datafield><datafield ind1=" " ind2=" " tag="245"><subfield code="a">Fessenden, ralph j</subfield></datafield><datafield ind1=" " ind2=" " tag="260"><subfield code="a">Organic Chemistry. Second Edition. Study Guide With Solution</subfield></datafield><datafield ind1=" " ind2=" " tag="490"><subfield code="a">Boston, Willard Grant Press, 1982. Vi + 233 P</subfield></datafield><datafield ind1=" " ind2=" " tag="852"><subfield code="a">547</subfield></datafield></record></collection>